@ARTICLE{comb1991,
	author = {Stephen Lacey and Richard Box},
	title = {A Fast Easy Sort},
	journal = {Byte Magazine},
	year = {1991},
	month = {Abril},
	url = {http://cs.clackamas.cc.or.us/molatore/cs260Spr03/combsort.htm},
	Urlaccessate = {08 jun. 2016}
}